
@article{vehtari2016,
	title = {Practical Bayesian model evaluation using leave-one-out cross-validation and WAIC},
	author = {Vehtari, Aki and Gelman, Andrew and Gabry, Jonah},
	year = {2016},
	month = {08},
	date = {2016-08-30},
	journal = {Statistics and Computing},
	pages = {1413--1432},
	volume = {27},
	number = {5},
	doi = {10.1007/s11222-016-9696-4},
	url = {http://dx.doi.org/10.1007/s11222-016-9696-4},
	langid = {en}
}
